@Article{CheGoo96,
  author  = {Chen, Stanley F. and Goodman, Joshua},
  title   = {An empirical study of smoothing techniques for language modeling},
  volume  = {13},
  number  = {4},
  year    = {1996},
  pages   = {359--393},
  doi     = {10.1006/csla.1999.0128},
  journal = {Proceedings of the 34th Annual Meeting of the Association for Computational Linguistics}
}
